<record><leader>00000cas a22000007a 4500</leader><controlfield tag="001">28726587</controlfield><controlfield tag="008">930831c199u9999msuwr ne      0   a0eng c</controlfield><datafield ind1=" " ind2=" " tag="010"><subfield code="a">sn 93005671 </subfield></datafield><datafield ind1=" " ind2=" " tag="040"><subfield code="a">NSD</subfield><subfield code="b">eng</subfield><subfield code="c">NSD</subfield><subfield code="d">OCLCQ</subfield></datafield><datafield ind1=" " ind2=" " tag="012"><subfield code="m">1</subfield></datafield><datafield ind1="1" ind2=" " tag="022"><subfield code="a">1071-7730</subfield><subfield code="l">1071-7730</subfield><subfield code="2">1</subfield></datafield><datafield ind1=" " ind2=" " tag="032"><subfield code="a">309760</subfield><subfield code="b">USPS</subfield></datafield><datafield ind1=" " ind2=" " tag="037"><subfield code="b">Leland Progress, P.O. Box 72, Leland, MS 38756-0072</subfield></datafield><datafield ind1=" " ind2=" " tag="042"><subfield code="a">nsdp</subfield><subfield code="a">pcc</subfield></datafield><datafield ind1="0" ind2=" " tag="130"><subfield code="a">Leland progress (Leland, Miss. : 1993)</subfield></datafield><datafield ind1=" " ind2="4" tag="222"><subfield code="a">The Leland progress</subfield><subfield code="b">(1993)</subfield></datafield><datafield ind1="1" ind2="4" tag="245"><subfield code="a">The Leland progress.</subfield></datafield><datafield ind1=" " ind2=" " tag="260"><subfield code="a">Leland, Miss. :</subfield><subfield code="b">Progress Pub.</subfield></datafield><datafield ind1=" " ind2=" " tag="300"><subfield code="a">v.</subfield></datafield><datafield ind1=" " ind2=" " tag="310"><subfield code="a">Weekly</subfield></datafield><datafield ind1=" " ind2=" " tag="588"><subfield code="a">Description based on: Vol. 1993, no. 32 (Aug. 12, 1993).</subfield></datafield><datafield ind1=" " ind2=" " tag="752"><subfield code="a">United States</subfield><subfield code="b">Mississippi</subfield><subfield code="c">Washington</subfield><subfield code="d">Leland.</subfield></datafield><datafield ind1="0" ind2="0" tag="780"><subfield code="t">Deer Creek progress</subfield><subfield code="w">(OCoLC)25236492</subfield></datafield></record>